<record><leader>00000cas a22000007a 4500</leader><controlfield tag="001">23987006</controlfield><controlfield tag="008">910625d189u194uncuwr ne      0    0eng d</controlfield><datafield ind1=" " ind2=" " tag="010"><subfield code="a">sn 91068047 </subfield></datafield><datafield ind1=" " ind2=" " tag="040"><subfield code="a">NVJ</subfield><subfield code="b">eng</subfield><subfield code="c">NVJ</subfield><subfield code="d">OCLCQ</subfield></datafield><datafield ind1=" " ind2=" " tag="042"><subfield code="a">msc</subfield></datafield><datafield ind1="0" ind2="4" tag="245"><subfield code="a">The Bryson City times.</subfield></datafield><datafield ind1="1" ind2="3" tag="246"><subfield code="a">Swain County herald</subfield></datafield><datafield ind1=" " ind2=" " tag="260"><subfield code="a">Bryson City, N.C. :</subfield><subfield code="b">W.W. Haywood</subfield></datafield><datafield ind1=" " ind2=" " tag="300"><subfield code="a">v.</subfield></datafield><datafield ind1=" " ind2=" " tag="310"><subfield code="a">Weekly</subfield></datafield><datafield ind1=" " ind2=" " tag="588"><subfield code="a">Description based on: Vol. 3, no. 47 (Jan. 4, 1895).</subfield></datafield><datafield ind1=" " ind2=" " tag="752"><subfield code="a">United States</subfield><subfield code="b">North Carolina</subfield><subfield code="c">Swain</subfield><subfield code="d">Bryson City.</subfield></datafield><datafield ind1="0" ind2="0" tag="785"><subfield code="t">Smoky Mountain times</subfield><subfield code="w">(DLC)sn 84026477</subfield></datafield><datafield ind1="1" ind2=" " tag="029"><subfield code="a">AU@</subfield><subfield code="b">000025858581</subfield></datafield></record>